
@misc{silva2024github,
  author       = {Alex Silva},
  title        = {Practica1\_almacenes\_de\_datos},
  year         = {2024},
  howpublished = {\url{https://github.com/AlexSilvaa9/Practica1\_almacenes\_de\_datos}},
  note         = {Ãšltimo acceso: 1 octubre 2024}
}

